<collection xmlns="http://www.loc.gov/MARC21/slim">
<record>
  <leader>01352nam0a2200289 i 450 </leader>
  <controlfield tag="001">IT\ICCU\CNCE\002067</controlfield>
  <controlfield tag="005">20070823000000.0</controlfield>
  <datafield tag="012" ind1=" " ind2=" ">
    <subfield code="a">heen roa, e-re stqu (3) 1566 (R)</subfield>
    <subfield code="2">fei</subfield>
  </datafield>
  <datafield tag="100" ind1=" " ind2=" ">
    <subfield code="a">19970101d1566        0itac0103    ba</subfield>
  </datafield>
  <datafield tag="101" ind1=" " ind2=" ">
    <subfield code="a">ITA</subfield>
  </datafield>
  <datafield tag="102" ind1=" " ind2=" ">
    <subfield code="a">IT</subfield>
  </datafield>
  <datafield tag="200" ind1="1" ind2=" ">
    <subfield code="a">Confessionale di s. Antonino arciuescouo fiorentino, da lui composto in volgare, per instruttion de&apos; sacerdoti &amp; di chi vuol viuer christianamente. Di nuouo riformato et ristampato</subfield>
  </datafield>
  <datafield tag="210" ind1=" " ind2=" ">
    <subfield code="a">In Vinegia</subfield>
    <subfield code="c">appresso Girolamo Scotto</subfield>
    <subfield code="d">1566</subfield>
  </datafield>
  <datafield tag="215" ind1=" " ind2=" ">
    <subfield code="a">329, \23! p.</subfield>
    <subfield code="d">16ʻ</subfield>
  </datafield>
  <datafield tag="620" ind1=" " ind2=" ">
    <subfield code="a">IT</subfield>
    <subfield code="d">Venezia</subfield>
  </datafield>
  <datafield tag="700" ind1=" " ind2="0">
    <subfield code="a">Antonino</subfield>
    <subfield code="c"> &lt;santo&gt;</subfield>
    <subfield code="3">IT\ICCU\CNCA\000779</subfield>
  </datafield>
  <datafield tag="712" ind1="0" ind2="0">
    <subfield code="a">Scoto, Girolamo</subfield>
    <subfield code="3">IT\ICCU\CNCT\000134</subfield>
    <subfield code="4">650</subfield>
  </datafield>
  <datafield tag="790" ind1=" " ind2="0">
    <subfield code="a">Antoninus</subfield>
    <subfield code="c"> &lt;santo&gt;</subfield>
    <subfield code="3">IT\ICCU\CNCA\027220</subfield>
    <subfield code="z">Antonino &lt;santo&gt;</subfield>
  </datafield>
  <datafield tag="790" ind1=" " ind2="1">
    <subfield code="a">Pierozzi,</subfield>
    <subfield code="b">Antonio</subfield>
    <subfield code="3">IT\ICCU\CNCA\027314</subfield>
    <subfield code="z">Antonino &lt;santo&gt;</subfield>
  </datafield>
  <datafield tag="791" ind1="0" ind2="0">
    <subfield code="a">Scotto, Girolamo</subfield>
    <subfield code="3">IT\ICCU\CNCT\002826</subfield>
    <subfield code="z">Scoto, Girolamo</subfield>
  </datafield>
  <datafield tag="791" ind1="0" ind2="0">
    <subfield code="a">Schottus, Hieronymus</subfield>
    <subfield code="3">IT\ICCU\CNCT\004087</subfield>
    <subfield code="z">Scoto, Girolamo</subfield>
  </datafield>
  <datafield tag="791" ind1="0" ind2="0">
    <subfield code="a">Scotus, Hieronymus</subfield>
    <subfield code="3">IT\ICCU\CNCT\005629</subfield>
    <subfield code="z">Scoto, Girolamo</subfield>
  </datafield>
  <datafield tag="791" ind1="0" ind2="0">
    <subfield code="a">Scottus, Hieronymus</subfield>
    <subfield code="3">IT\ICCU\CNCT\005630</subfield>
    <subfield code="z">Scoto, Girolamo</subfield>
  </datafield>
  <datafield tag="791" ind1="0" ind2="0">
    <subfield code="a">Schotus, Hieronymus</subfield>
    <subfield code="3">IT\ICCU\CNCT\005631</subfield>
    <subfield code="z">Scoto, Girolamo</subfield>
  </datafield>
  <datafield tag="791" ind1="0" ind2="0">
    <subfield code="a">Scotti, Girolamo</subfield>
    <subfield code="3">IT\ICCU\CNCT\005632</subfield>
    <subfield code="z">Scoto, Girolamo</subfield>
  </datafield>
  <datafield tag="801" ind1=" " ind2="3">
    <subfield code="a">IT</subfield>
    <subfield code="b">ICCU</subfield>
    <subfield code="c">20201113</subfield>
  </datafield>
  <datafield tag="899" ind1=" " ind2=" ">
    <subfield code="a">Biblioteca universitaria. Padova</subfield>
    <subfield code="1">PD0158</subfield>
    <subfield code="2">PUV 00</subfield>
  </datafield>
</record>
</collection>
